
@book{bourbakis1993knowledge,
  title={Knowledge Engineering Shells: Systems and Techniques},
  author={Bourbakis, N.G.},
  isbn={9789810210564},
  lccn={94148183},
  series={Advanced Series on Artificial Intelligence},
  url={http://books.google.it/books?id=q8hJrIowpMsC},
  year={1993},
  publisher={World Scientific}
}

@inbook{knowbel1993,
author = {Huaiqing Wang, John Mylopoulos, Andre Kushniruk, Bryan Kramer, Martin Stanley},
title = {KNOWBEL: New Tools for Expert System Development},
booktitle = {Knowledge Engineering Shells: Systems and Techniques},
year = {1993},
}

@inbook{development1993,
author = {Jeffrey J. P. Tsai, Steve J. H. Yang, Naghman Waheed, Thomas Moher},
title = {Development of Expert System Shell},
booktitle = {Knowledge Engineering Shells: Systems and Techniques},
year = {1993},
}

@book{jackson1999,
author = {Jackson P.},
title = {Introduction to Expert System},
year = {1999},
}

@book{brownston1985,
author = {Browston, L., Darrel, R., Kant, E., Martin, N.},
title = {Programming expert systems in OPS5},
year = {1985},
}

@inbook{richens1956,
author = {Richens, R.H.},
title = {Preprogramming for Mechanical Translation},
booktitle = {Mechanical Translation},
year = {1956},
}

@inbook{jones2000,
author = {Jones K. S.},
title = {R.H. Richens: Translation in the NUDE},
booktitle = {Early Years in Machine Translation},
year = {2000},
}

